<record><leader>00000cas a2200000 a 4500</leader><controlfield tag="001">15038730</controlfield><controlfield tag="008">870106d19841988akuwr ne     f0   a0eng d</controlfield><datafield ind1=" " ind2=" " tag="010"><subfield code="a">sn 98059807 </subfield></datafield><datafield ind1=" " ind2=" " tag="040"><subfield code="a">WIH</subfield><subfield code="b">eng</subfield><subfield code="c">WIH</subfield><subfield code="d">ANE</subfield><subfield code="d">OCL</subfield><subfield code="d">OCLCQ</subfield><subfield code="d">GPO</subfield><subfield code="d">UAA</subfield><subfield code="d">OCLCQ</subfield><subfield code="d">OCLCA</subfield><subfield code="d">OCLCF</subfield><subfield code="d">OCLCA</subfield></datafield><datafield ind1="1" ind2=" " tag="029"><subfield code="a">AU@</subfield><subfield code="b">000014094609</subfield></datafield><datafield ind1=" " ind2=" " tag="037"><subfield code="b">Public Affairs Office, HQ, 6th Inf. Div. (L), Fort Richardson, AK 99505-5320</subfield></datafield><datafield ind1=" " ind2=" " tag="042"><subfield code="a">msc</subfield></datafield><datafield ind1=" " ind2=" " tag="043"><subfield code="a">n-us-ak</subfield></datafield><datafield ind1="0" ind2="0" tag="245"><subfield code="a">Fort Richardson pioneer.</subfield></datafield><datafield ind1="1" ind2="7" tag="246"><subfield code="a">Pioneer</subfield></datafield><datafield ind1=" " ind2=" " tag="260"><subfield code="a">Fort Richardson, Alaska :</subfield><subfield code="b">Public Affairs Office, Headquarters, 172nd Infantry Brigade (Alaska),</subfield><subfield code="c">1984-1988,</subfield><subfield code="e">(AG Field Printing Plant)</subfield></datafield><datafield ind1=" " ind2=" " tag="300"><subfield code="a">5 v. :</subfield><subfield code="b">ill. ;</subfield><subfield code="c">38 cm.</subfield></datafield><datafield ind1=" " ind2=" " tag="310"><subfield code="a">Weekly</subfield></datafield><datafield ind1="0" ind2=" " tag="362"><subfield code="a">Vol. 26, no. 1 (Jan. 6, 1984)-v. 30, no. 26 (July 1, 1988).</subfield></datafield><datafield ind1=" " ind2=" " tag="515"><subfield code="a">Has Special ed.: Mar. 24, 1986.</subfield></datafield><datafield ind1=" " ind2=" " tag="521"><subfield code="a">"For the Arctic soldier."</subfield></datafield><datafield ind1=" " ind2=" " tag="530"><subfield code="a">Available on microfilm from the State Historical Society of Wisconsin.</subfield></datafield><datafield ind1=" " ind2=" " tag="550"><subfield code="a">Published by: 6th Infantry Division, Mar. 24, 1986-</subfield></datafield><datafield ind1=" " ind2=" " tag="580"><subfield code="a">Merged with: Yukon sentinel; and: Buffalo (Fort Greeley, Alaska); to form: Arctic star.</subfield></datafield><datafield ind1=" " ind2="0" tag="650"><subfield code="a">Military bases</subfield><subfield code="z">Alaska</subfield><subfield code="v">Newspapers.</subfield></datafield><datafield ind1=" " ind2="0" tag="651"><subfield code="a">Fort Richardson (Alaska)</subfield><subfield code="v">Newspapers.</subfield></datafield><datafield ind1=" " ind2="7" tag="655"><subfield code="a">Newspapers.</subfield><subfield code="2">fast</subfield><subfield code="0">(OCoLC)fst01423814</subfield></datafield><datafield ind1=" " ind2="7" tag="650"><subfield code="a">Military bases.</subfield><subfield code="2">fast</subfield><subfield code="0">(OCoLC)fst01020986</subfield></datafield><datafield ind1=" " ind2="7" tag="651"><subfield code="a">Alaska.</subfield><subfield code="2">fast</subfield><subfield code="0">(OCoLC)fst01204480</subfield></datafield><datafield ind1=" " ind2="7" tag="651"><subfield code="a">Alaska</subfield><subfield code="z">Fort Richardson.</subfield><subfield code="2">fast</subfield><subfield code="0">(OCoLC)fst01248520</subfield></datafield><datafield ind1="1" ind2=" " tag="710"><subfield code="a">United States.</subfield><subfield code="b">Army.</subfield><subfield code="b">Infantry Brigade, 172nd.</subfield></datafield><datafield ind1="1" ind2=" " tag="710"><subfield code="a">United States.</subfield><subfield code="b">Army.</subfield><subfield code="b">Infantry Division, 6th.</subfield></datafield><datafield ind1=" " ind2=" " tag="752"><subfield code="a">United States</subfield><subfield code="b">Alaska</subfield><subfield code="d">Fort Richardson.</subfield></datafield><datafield ind1="0" ind2="0" tag="780"><subfield code="t">Pioneer (Fort Richardson, Alaska)</subfield><subfield code="w">(OCoLC)9095456</subfield></datafield><datafield ind1="1" ind2="7" tag="785"><subfield code="t">Yukon sentinel</subfield><subfield code="w">(OCoLC)13663816</subfield></datafield><datafield ind1="1" ind2="7" tag="785"><subfield code="t">Buffalo (Fort Greeley, Alaska)</subfield><subfield code="w">(OCoLC)10976231</subfield></datafield><datafield ind1="1" ind2="7" tag="785"><subfield code="t">Arctic star</subfield><subfield code="w">(OCoLC)21967652</subfield></datafield></record>